@article{kahle2005introduction,
  title={Introduction to the cell multiprocessor},
  author={Kahle, James A and Day, Michael N and Hofstee, H Peter and Johns, Charles R and others},
  journal={IBM journal of Research and Development},
  volume={49},
  number={4/5},
  pages={589},
  year={2005},
  publisher={International Business Machines Corporation}			
}

@article{buttari2007limitations,
  title={Limitations of the PlayStation 3 for high performance cluster computing},
  author={Buttari, Alfredo and Dongarra, Jack and Kurzak, Jakub},
  year={2007}
}

@article{kurzak2008playstation,
  title={The playstation 3 for high-performance scientific computing},
  author={Kurzak, Jakub and Buttari, Alfredo and Luszczek, Piotr and Dongarra, Jack},
  journal={Computing in Science and Engineering},
  volume={10},
  number={3},
  pages={84--87},
  year={2008}
}

@inproceedings{williams2006potential,
  title={The potential of the cell processor for scientific computing},
  author={Williams, Samuel and Shalf, John and Oliker, Leonid and Kamil, Shoaib and Husbands, Parry and Yelick, Katherine},
  booktitle={Proceedings of the 3rd conference on Computing frontiers},
  pages={9--20},
  year={2006},
  organization={ACM}
}

@inproceedings{bellens2006cellss,
  title={CellSs: a programming model for the Cell BE architecture},
  author={Bellens, Pieter and Perez, Josep M and Badia, Rosa M and Labarta, Jesus},
  booktitle={SC 2006 Conference, Proceedings of the ACM/IEEE},
  pages={5--5},
  year={2006},
  organization={IEEE}
}

@techreport{luley2011energy,
  title={Energy efficiency evaluation and benchmarking of AFRL's Condor high performance computer},
  author={Luley, Ryan and Usmail, Courtney and Barnell, Mark},
  year={2011},
  institution={DTIC Document}
}

@inproceedings{barker2008entering,
  title={Entering the petaflop era: the architecture and performance of Roadrunner},
  author={Barker, Kevin J and Davis, Kei and Hoisie, Adolfy and Kerbyson, Darren J and Lang, Mike and Pakin, Scott and Sancho, Jose C},
  booktitle={Proceedings of the 2008 ACM/IEEE conference on Supercomputing},
  pages={1},
  year={2008},
  organization={IEEE Press}
}

@inproceedings{hofstee2005power,
  title={Power efficient processor architecture and the Cell processor},
  author={Hofstee, H Peter},
  booktitle={High-Performance Computer Architecture, 2005. HPCA-11. 11th International Symposium on},
  pages={258--262},
  year={2005},
  organization={IEEE}
}

@inproceedings{pham2005design,
  title={The design and implementation of a first-generation CELL processor-a multi-core SoC},
  author={Pham, D and Asano, S and Bolliger, M and Day, MN and Hofstee, HP and Johns, C and Kahle, J and Kameyama, A and Keaty, J and Masubuchi, Y and others},
  booktitle={Integrated Circuit Design and Technology, 2005. ICICDT 2005. 2005 International Conference on},
  pages={49--52},
  year={2005},
  organization={IEEE}
}

@article{flachs2006microarchitecture,
  title={The microarchitecture of the synergistic processor for a cell processor},
  author={Flachs, Brian and Asano, Shigehiro and Dhong, Sang H and Hofstee, H Peter and Gervais, Gilles and Kim, Roy and Le, Tien and Liu, Peichun and Leenstra, Jens and Liberty, John and others},
  journal={IEEE Journal of Solid-State Circuits},
  volume={41},
  number={1},
  pages={63--70},
  year={2006}
}

@article{chen2007cell,
  title={Cell broadband engine architecture and its first implementation - a performance view},
  author={Chen, Thomas and Raghavan, Ram and Dale, Jason N and Iwata, Eiji},
  journal={IBM Journal of Research and Development},
  volume={51},
  number={5},
  pages={559--572},
  year={2007},
  publisher={IBM}
}

@article{williams2007scientific,
  title={Scientific computing kernels on the cell processor},
  author={Williams, Samuel and Shalf, John and Oliker, Leonid and Kamil, Shoaib and Husbands, Parry and Yelick, Katherine},
  journal={International Journal of Parallel Programming},
  volume={35},
  number={3},
  pages={263--298},
  year={2007},
  publisher={Springer}
}

@article{stone2010opencl,
  title={OpenCL: A parallel programming standard for heterogeneous computing systems},
  author={Stone, John E and Gohara, David and Shi, Guochun},
  journal={Computing in science \& engineering},
  volume={12},
  number={1-3},
  pages={66--73},
  year={2010},
  publisher={Institute of Electrical and Electronics Engineers, Inc.,| y USA United States}
}

@article{fluke2011astrophysical,
  title={Astrophysical supercomputing with GPUs: critical decisions for early adopters},
  author={Fluke, Christopher J and Barnes, David G and Barsdell, Benjamin R and Hassan, Amr H},
  journal={Publications of the Astronomical Society of Australia},
  volume={28},
  number={01},
  pages={15--27},
  year={2011},
  publisher={Cambridge Univ Press}
}

@misc{stokes_2009, title={End of the line for IBM's Cell}, url={http://arstechnica.com/gadgets/2009/11/end-of-the-line-for-ibms-cell/}, author={Stokes, Jon}, year={2009}, month={Nov}}

@misc{falcou_2009, title={Massively Parallel Architectures: A Take on Cell Processor and GPU programming}, url={https://www.lri.fr/~falcou/teaching/par/accelerator.pdf}, author={Falcou, Joel}, year={2009}, month={Jan}}

@misc{about_hpl, title={The Linpack Benchmark}, url={http://www.top500.org/project/linpack/}, journal={About /}}

@misc{green500, title={The Green500 List News And Submitted Items}, url={http://www.green500.org/}, journal={The Green500 List News And Submitted Items}}

@misc{techpowerup, title={TechPowerUp}, url={https://www.techpowerup.com/gpudb/923/tesla-c2050}, journal={TechPowerUp}}

@misc{green500_062010, title={The Green500 List - June 2010}, url={http://www.green500.org/lists/green201006}, journal={The Green500 List News And Submitted Items}}

@inproceedings{li2009mcpat,
  title={McPAT: an integrated power, area, and timing modeling framework for multicore and manycore architectures},
  author={Li, Sheng and Ahn, Jung Ho and Strong, Richard D and Brockman, Jay B and Tullsen, Dean M and Jouppi, Norman P},
  booktitle={Proceedings of the 42nd Annual IEEE/ACM International Symposium on Microarchitecture},
  pages={469--480},
  year={2009},
  organization={ACM}
}

@article{lim2014power,
  title={Power modeling for GPU architectures using McPAT},
  author={Lim, Jieun and Lakshminarayana, Nagesh B and Kim, Hyesoon and Song, William and Yalamanchili, Sudhakar and Sung, Wonyong},
  journal={ACM Transactions on Design Automation of Electronic Systems (TODAES)},
  volume={19},
  number={3},
  pages={26},
  year={2014},
  publisher={ACM}
}

@inproceedings{li2009mcpat,
  title={McPAT: an integrated power, area, and timing modeling framework for multicore and manycore architectures},
  author={Li, Sheng and Ahn, Jung Ho and Strong, Richard D and Brockman, Jay B and Tullsen, Dean M and Jouppi, Norman P},
  booktitle={Proceedings of the 42nd Annual IEEE/ACM International Symposium on Microarchitecture},
  pages={469--480},
  year={2009},
  organization={ACM}
}

@misc{realworldtech, title={ISSCC 2005: The CELL Microprocessor}, url={http://www.realworldtech.com/cell/3/}, journal={Real World Tech}}

@inproceedings{multi2sim,
	author = { Ubal, Rafael and Jang, Byunghyun and Mistry, Perhaad and Schaa,
		Dana and Kaeli, David },
	title = {{ Multi2Sim: A Simulation Framework for CPU-GPU Computing }},
	booktitle = { Proc. of the 21st International Conference on Parallel
		Architectures and Compilation Techniques },
	month = { Sep. },
	year = { 2012 }
}

@misc{radeon7970, title={AMD Radeon HD 7970 GHz Edition Review: Battling For The Performance Crown}, url={http://www.anandtech.com/show/6025/radeon-hd-7970-ghz-edition-review-catching-up-to-gtx-680}, journal={RSS}}

@misc{powerxcell, title={With Its New PowerXCell 8i Product Line, IBM Intends to Take Accelerated Processing into the HPC Mainstream},
url={http://www.ibm.com/developerworks/rational/cafe/docBodyAttachments/2636-102-1-3388/technology_cell_IDC_report_on_PowerXCell.pdf}{
